@book{fahrmeir2007regression,
  title={Regression},
  author={Fahrmeir, Ludwig and Kneib, Thomas and Lang, Stefan and Marx, Brian},
  year={2007},
  publisher={Springer}
}

@book{wood2017generalized,
	title={Generalized additive models: an introduction with R},
	author={Wood, Simon N},
	year={2017},
	publisher={CRC press}
}

@article{amodio2014concurvity,
	title={On concurvity in nonlinear and nonparametric regression models},
	author={Amodio, Sonia and Aria, Massimo and D’Ambrosio, Antonio},
	journal={Statistica},
	volume={74},
	number={1},
	pages={85--98},
	year={2014}
}

@misc{Alpenverein,
 author = {DAV},
 title = {{Aktionstag Natürlich auf Tour} AB},
 howpublished = {\url{https://www.alpenverein.de/natur/aktionstag-natuerlich-auf-tour_aid_32844.html}},
 originalyear = {18.02.2011}
}